<record><leader>01235cam a2200361 i 4500</leader><controlfield tag="001">6803237</controlfield><controlfield tag="003">OCoLC</controlfield><controlfield tag="005">20150126113630.0</controlfield><controlfield tag="008">150102t20152015dcuab    b    001 0 eng d</controlfield><datafield ind1=" " ind2=" " tag="020"><subfield code="a">9781933823768</subfield></datafield><datafield ind1=" " ind2=" " tag="020"><subfield code="a">1933823763</subfield></datafield><datafield ind1=" " ind2=" " tag="035"><subfield code="a">ocn899139118</subfield></datafield><datafield ind1=" " ind2=" " tag="040"><subfield code="a">NUI</subfield><subfield code="b">eng</subfield><subfield code="e">rda</subfield><subfield code="c">NUI</subfield><subfield code="d">YDXCP</subfield><subfield code="d">UAB</subfield><subfield code="d">AEU</subfield></datafield><datafield ind1=" " ind2=" " tag="043"><subfield code="a">a-mk---</subfield></datafield><datafield ind1=" " ind2="4" tag="050"><subfield code="a">DS247.M85</subfield><subfield code="b">F56 2015</subfield></datafield><datafield ind1=" " ind2=" " tag="090"><subfield code="a">DS 247 M85 F56 2015</subfield><subfield code="b">AEU</subfield></datafield><datafield ind1="1" ind2=" " tag="100"><subfield code="a">Floor, Willem M.</subfield><subfield code="e">author.</subfield></datafield><datafield ind1="1" ind2="0" tag="245"><subfield code="a">Muscat :</subfield><subfield code="b">city, society &amp; trade /</subfield><subfield code="c">Willem Floor.</subfield></datafield><datafield ind1="1" ind2="4" tag="246"><subfield code="a">Persian Gulf, Muscat, city, society &amp; trade</subfield></datafield><datafield ind1=" " ind2="1" tag="264"><subfield code="a">Washington, DC :</subfield><subfield code="b">Mage Publishers,</subfield><subfield code="c">2015.</subfield></datafield><datafield ind1=" " ind2="4" tag="264"><subfield code="c">&#169;2015</subfield></datafield><datafield ind1=" " ind2=" " tag="300"><subfield code="a">x, 199 pages :</subfield><subfield code="b">illustrations, maps ;</subfield><subfield code="c">28 cm.</subfield></datafield><datafield ind1=" " ind2=" " tag="336"><subfield code="a">text</subfield><subfield code="2">rdacontent</subfield></datafield><datafield ind1=" " ind2=" " tag="337"><subfield code="a">unmediated</subfield><subfield code="2">rdamedia</subfield></datafield><datafield ind1=" " ind2=" " tag="338"><subfield code="a">volume</subfield><subfield code="2">rdacarrier</subfield></datafield><datafield ind1="1" ind2=" " tag="490"><subfield code="a">Persian Gulf series</subfield></datafield><datafield ind1=" " ind2=" " tag="504"><subfield code="a">Includes bibliographical references (pages 183-189) and index.</subfield></datafield><datafield ind1=" " ind2=" " tag="596"><subfield code="a">43</subfield></datafield><datafield ind1=" " ind2="0" tag="651"><subfield code="a">Muscat (Oman)</subfield><subfield code="x">History.</subfield></datafield><datafield ind1=" " ind2="0" tag="651"><subfield code="a">Muscat (Oman)</subfield><subfield code="x">Description and travel.</subfield></datafield><datafield ind1=" " ind2="0" tag="830"><subfield code="a">Persian Gulf series.</subfield></datafield><datafield ind1=" " ind2=" " tag="949"><subfield code="a">DS 247 M85 F56 2015</subfield><subfield code="c">1</subfield><subfield code="h">UAHS-B</subfield><subfield code="i">0162035236759</subfield></datafield><datafield ind1=" " ind2=" " tag="926"><subfield code="a">DS 247 M85 F56 2015</subfield><subfield code="w">LC</subfield><subfield code="c">1</subfield><subfield code="i">0162035236759</subfield><subfield code="l">ON_SHELF</subfield><subfield code="m">UAHSS</subfield><subfield code="p">$150.00</subfield><subfield code="r">Y</subfield><subfield code="s">Y</subfield><subfield code="t">BOOK</subfield><subfield code="u">2/11/2015</subfield></datafield></record>